<record><leader>00000cas a22000007a 4500</leader><controlfield tag="001">9701117</controlfield><controlfield tag="008">830714c19819999njuwr ne      0   a0eng d</controlfield><datafield ind1=" " ind2=" " tag="010"><subfield code="a">sn 83008132 </subfield></datafield><datafield ind1=" " ind2=" " tag="040"><subfield code="a">NSD</subfield><subfield code="b">eng</subfield><subfield code="c">NSD</subfield><subfield code="d">NJW</subfield><subfield code="d">OCLCQ</subfield></datafield><datafield ind1=" " ind2=" " tag="012"><subfield code="k">1</subfield><subfield code="m">1</subfield></datafield><datafield ind1="1" ind2=" " tag="022"><subfield code="a">0746-052X</subfield><subfield code="l">0746-052X</subfield><subfield code="2">1</subfield></datafield><datafield ind1=" " ind2=" " tag="032"><subfield code="a">308810</subfield><subfield code="b">USPS</subfield></datafield><datafield ind1=" " ind2=" " tag="037"><subfield code="b">Suburban Newspapers of Northern New Jersey, 50 Eisenhower Dr., Paramus, NJ 07652</subfield></datafield><datafield ind1=" " ind2=" " tag="042"><subfield code="a">nsdp</subfield></datafield><datafield ind1="0" ind2=" " tag="130"><subfield code="a">Suburban news (Franklin Lakes, N.J. : 1981)</subfield></datafield><datafield ind1=" " ind2="0" tag="222"><subfield code="a">Suburban news</subfield><subfield code="b">(Franklin Lakes, N.J. 1981)</subfield></datafield><datafield ind1="1" ind2="0" tag="245"><subfield code="a">Suburban news.</subfield></datafield><datafield ind1=" " ind2=" " tag="260"><subfield code="a">Franklin Lakes, N.J. :</subfield><subfield code="b">Penny Saver</subfield></datafield><datafield ind1=" " ind2=" " tag="300"><subfield code="a">v.</subfield></datafield><datafield ind1=" " ind2=" " tag="310"><subfield code="a">Weekly</subfield></datafield><datafield ind1="1" ind2=" " tag="362"><subfield code="a">Began in 1981?</subfield></datafield><datafield ind1=" " ind2=" " tag="500"><subfield code="a">Issues differ slightly according to regional zone designated by zone numbers and town names for each specific edition, i.e. Zone 5 Ho-Ho-Kus, Waldwick, Allendale.</subfield></datafield><datafield ind1=" " ind2=" " tag="500"><subfield code="a">Imprint varies: Paramus, N.J. : Suburban Newspapers of Northern New Jersey, &lt;Oct. 7, 1987-&gt;</subfield></datafield><datafield ind1=" " ind2=" " tag="588"><subfield code="a">Description based on: Vol. 16, no. 15 (Apr. 13, 1983).</subfield></datafield><datafield ind1=" " ind2=" " tag="588"><subfield code="a">Latest issue consulted: Vol. 21, no. 41 (Oct. 7, 1987).</subfield></datafield><datafield ind1=" " ind2=" " tag="752"><subfield code="a">United States</subfield><subfield code="b">New Jersey</subfield><subfield code="c">Bergen</subfield><subfield code="d">Franklin Lakes.</subfield></datafield><datafield ind1=" " ind2=" " tag="752"><subfield code="a">United States</subfield><subfield code="b">New Jersey</subfield><subfield code="c">Bergen</subfield><subfield code="d">Paramus.</subfield></datafield><datafield ind1="0" ind2="0" tag="780"><subfield code="t">United suburban news</subfield><subfield code="x">0274-6646</subfield><subfield code="w">(DLC)sn 80001143</subfield><subfield code="w">(OCoLC)6476014</subfield></datafield></record>